
@book{StorytellingWithData,
    author    = "Knaflic, Cole Nussbaumer",
    title     = "Storytelling with Data",
    year      = "2015",
    publisher = "Wiley John\&Sons Inc",
}

@book{IntroductionToHumanGeography,
    author        = {David Dorrell and Joseph Henderson and Todd Lindley and Georgeta Connor},
    title          = {Introduction to Human Geography (2nd Edition)},
    publisher      = {GALILEO, University System of Georgia},
    year           = {2019}
}

@misc{Canvas,
    howpublished = {\url{https://html.spec.whatwg.org/multipage/canvas.html}},
    title        = {HTML Living Standard - The canvas element},
    note         = { Na dzień: 2020-09-03 }
}

@misc{WebGL,
    howpublished = {\url{https://www.khronos.org/registry/webgl/specs/latest/2.0/}},
    title        = {WebGL 2.0 Specification},
    note         = { Na dzień: 2020-09-03 }
}